% Use this file for citations not found in the ACL Anthology (contained in "anthology.bib").

@article{Kiros2015SkipThoughtV,
  title={Skip-Thought Vectors},
  author={Ryan Kiros and Yukun Zhu and Ruslan Salakhutdinov and Richard S. Zemel and Raquel Urtasun and Antonio Torralba and Sanja Fidler},
  journal={ArXiv},
  year={2015},
  volume={abs/1506.06726}
}

@inproceedings{Hill2016LearningDR,
  title={Learning Distributed Representations of Sentences from Unlabelled Data},
  author={Felix Hill and Kyunghyun Cho and Anna Korhonen},
  booktitle={NAACL},
  year={2016}
}

@article{Conneau2018SentEvalAE,
  title={SentEval: An Evaluation Toolkit for Universal Sentence Representations},
  author={Alexis Conneau and Douwe Kiela},
  journal={ArXiv},
  year={2018},
  volume={abs/1803.05449}
}

@article{Logeswaran2018AnEF,
  title={An efficient framework for learning sentence representations},
  author={Lajanugen Logeswaran and Honglak Lee},
  journal={ArXiv},
  year={2018},
  volume={abs/1803.02893}
}

@inproceedings{Reimers2016TaskOrientedIE,
  title={Task-Oriented Intrinsic Evaluation of Semantic Textual Similarity},
  author={Nils Reimers and Philip Beyer and Iryna Gurevych},
  booktitle={COLING},
  year={2016}
}

@article{Gao2021SimCSESC,
  title={SimCSE: Simple Contrastive Learning of Sentence Embeddings},
  author={Tianyu Gao and Xingcheng Yao and Danqi Chen},
  journal={ArXiv},
  year={2021},
  volume={abs/2104.08821}
}

@inproceedings{Ding2020CogLTXAB,
  title={CogLTX: Applying BERT to Long Texts},
  author={Ming Ding and Chang Zhou and Hongxia Yang and Jie Tang},
  booktitle={NeurIPS},
  year={2020}
}

@inproceedings{Li2022UCTopicUC,
    title = "{UCT}opic: Unsupervised Contrastive Learning for Phrase Representations and Topic Mining",
    author = "Li, Jiacheng  and
      Shang, Jingbo  and
      McAuley, Julian",
    booktitle = "Proceedings of the 60th Annual Meeting of the Association for Computational Linguistics (Volume 1: Long Papers)",
    month = may,
    year = "2022",
    address = "Dublin, Ireland",
    publisher = "Association for Computational Linguistics",
    url = "https://aclanthology.org/2022.acl-long.426",
    doi = "10.18653/v1/2022.acl-long.426",
    pages = "6159--6169"
}

@article{Adhikari2019DocBERTBF,
  title={DocBERT: BERT for Document Classification},
  author={Ashutosh Adhikari and Achyudh Ram and Raphael Tang and Jimmy J. Lin},
  journal={ArXiv},
  year={2019},
  volume={abs/1904.08398}
}

@inproceedings{Devlin2019BERTPO,
  title={BERT: Pre-training of Deep Bidirectional Transformers for Language Understanding},
  author={Jacob Devlin and Ming-Wei Chang and Kenton Lee and Kristina Toutanova},
  booktitle={NAACL},
  year={2019}
}

@article{Beltagy2020LongformerTL,
  title={Longformer: The Long-Document Transformer},
  author={Iz Beltagy and Matthew E. Peters and Arman Cohan},
  journal={ArXiv},
  year={2020},
  volume={abs/2004.05150}
}

@article{Hadsell2006DimensionalityRB,
  title={Dimensionality Reduction by Learning an Invariant Mapping},
  author={Raia Hadsell and Sumit Chopra and Yann LeCun},
  journal={2006 IEEE Computer Society Conference on Computer Vision and Pattern Recognition (CVPR'06)},
  year={2006},
  volume={2},
  pages={1735-1742}
}

@article{Chen2020ASF,
  title={A Simple Framework for Contrastive Learning of Visual Representations},
  author={Ting Chen and Simon Kornblith and Mohammad Norouzi and Geoffrey E. Hinton},
  journal={ArXiv},
  year={2020},
  volume={abs/2002.05709}
}


@article{Karpukhin2020DensePR,
  title={Dense Passage Retrieval for Open-Domain Question Answering},
  author={Vladimir Karpukhin and Barlas Oğuz and Sewon Min and Patrick Lewis and Ledell Yu Wu and Sergey Edunov and Danqi Chen and Wen-tau Yih},
  journal={ArXiv},
  year={2020},
  volume={abs/2004.04906}
}

@article{Meng2021COCOLMCA,
  title={COCO-LM: Correcting and Contrasting Text Sequences for Language Model Pretraining},
  author={Yu Meng and Chenyan Xiong and Payal Bajaj and Saurabh Tiwary and Paul Bennett and Jiawei Han and Xia Song},
  journal={ArXiv},
  year={2021},
  volume={abs/2102.08473}
}

@inproceedings{Lang1995NewsWeederLT,
  title={NewsWeeder: Learning to Filter Netnews},
  author={Ken Lang},
  booktitle={ICML},
  year={1995}
}

@inproceedings{Maas2011LearningWV,
  title={Learning Word Vectors for Sentiment Analysis},
  author={Andrew L. Maas and Raymond E. Daly and Peter T. Pham and Dan Huang and A. Ng and Christopher Potts},
  booktitle={ACL},
  year={2011}
}

x@article{sandhaus2008new,
  title={The new york times annotated corpus},
  author={Sandhaus, Evan},
  journal={Linguistic Data Consortium, Philadelphia},
  volume={6},
  number={12},
  pages={e26752},
  year={2008}
}

@article{Izbicki2019GeolocatingTI,
  title={Geolocating Tweets in any Language at any Location},
  author={Michael Izbicki and Evangelos E. Papalexakis and Vassilis J. Tsotras},
  journal={Proceedings of the 28th ACM International Conference on Information and Knowledge Management},
  year={2019}
}

@inproceedings{Stoikos2020MultilingualEP,
  title={Multilingual Emoticon Prediction of Tweets about COVID-19},
  author={Stefanos Stoikos and Michael Izbicki},
  booktitle={PEOPLES},
  year={2020}
}

@inproceedings{Wang2022TheTL,
  title={The Tree Loss: Improving Generalization with Many Classes},
  author={Yujie Wang and Michael Izbicki},
  booktitle={AISTATS},
  year={2022}
}

@article{FeiFei2006OneshotLO,
  title={One-shot learning of object categories},
  author={Li Fei-Fei and Rob Fergus and Pietro Perona},
  journal={IEEE Transactions on Pattern Analysis and Machine Intelligence},
  year={2006},
  volume={28},
  pages={594-611}
}

@article{Lake2011OneSL,
  title={One shot learning of simple visual concepts},
  author={Brenden M. Lake and Ruslan Salakhutdinov and Jason Gross and Joshua B. Tenenbaum},
  journal={Cognitive Science},
  year={2011},
  volume={33}
}

@article{Bao2020FewshotTC,
  title={Few-shot Text Classification with Distributional Signatures},
  author={Yujia Bao and Menghua Wu and Shiyu Chang and Regina Barzilay},
  journal={ArXiv},
  year={2020},
  volume={abs/1908.06039}
}

@inproceedings{pennington-etal-2014-glove,
    title = "{G}lo{V}e: Global Vectors for Word Representation",
    author = "Pennington, Jeffrey  and
      Socher, Richard  and
      Manning, Christopher",
    booktitle = "Proceedings of the 2014 Conference on Empirical Methods in Natural Language Processing ({EMNLP})",
    month = oct,
    year = "2014",
    address = "Doha, Qatar",
    publisher = "Association for Computational Linguistics",
    url = "https://aclanthology.org/D14-1162",
    doi = "10.3115/v1/D14-1162",
    pages = "1532--1543",
}

@inproceedings{Carlsson2021SemanticRW,
  title={Semantic Re-tuning with Contrastive Tension},
  author={Fredrik Carlsson and Amaru Cuba Gyllensten and Evangelia Gogoulou and Erik Ylip{\"a}{\"a} Hellqvist and Magnus Sahlgren},
  booktitle={ICLR},
  year={2021}
}


@article{Pappagari2019HierarchicalTF,
  title={Hierarchical Transformers for Long Document Classification},
  author={R. Pappagari and Piotr Żelasko and Jes{\'u}s Villalba and Yishay Carmiel and Najim Dehak},
  journal={2019 IEEE Automatic Speech Recognition and Understanding Workshop (ASRU)},
  year={2019},
  pages={838-844}
}

@inproceedings{Agirre2012SemEval2012T6,
  title={SemEval-2012 Task 6: A Pilot on Semantic Textual Similarity},
  author={Eneko Agirre and Daniel Matthew Cer and Mona T. Diab and Aitor Gonzalez-Agirre},
  booktitle={*SEMEVAL},
  year={2012}
}

@inproceedings{Li2020OnTS,
  title={On the Sentence Embeddings from Pre-trained Language Models},
  author={Bohan Li and Hao Zhou and Junxian He and Mingxuan Wang and Yiming Yang and Lei Li},
  booktitle={Conference on Empirical Methods in Natural Language Processing},
  year={2020}
}

@article{Su2021WhiteningSR,
  title={Whitening Sentence Representations for Better Semantics and Faster Retrieval},
  author={Jianlin Su and Jiarun Cao and Weijie Liu and Yangyiwen Ou},
  journal={ArXiv},
  year={2021},
  volume={abs/2103.15316}
}

@article{Liu2019RoBERTaAR,
  title={RoBERTa: A Robustly Optimized BERT Pretraining Approach},
  author={Yinhan Liu and Myle Ott and Naman Goyal and Jingfei Du and Mandar Joshi and Danqi Chen and Omer Levy and Mike Lewis and Luke Zettlemoyer and Veselin Stoyanov},
  journal={ArXiv},
  year={2019},
  volume={abs/1907.11692}
}

@inproceedings{Zhang2020AnUS,
  title={An Unsupervised Sentence Embedding Method by Mutual Information Maximization},
  author={Yan Zhang and Ruidan He and Zuozhu Liu and Kwan Hui Lim and Lidong Bing},
  booktitle={Conference on Empirical Methods in Natural Language Processing},
  year={2020}
}

@article{Zaheer2020BigBT,
  title={Big Bird: Transformers for Longer Sequences},
  author={Manzil Zaheer and Guru Guruganesh and Kumar Avinava Dubey and Joshua Ainslie and Chris Alberti and Santiago Onta{\~n}{\'o}n and Philip Pham and Anirudh Ravula and Qifan Wang and Li Yang and Amr Ahmed},
  journal={ArXiv},
  year={2020},
  volume={abs/2007.14062}
}

@article{Wadden2020FactOF,
  title={Fact or Fiction: Verifying Scientific Claims},
  author={David Wadden and Kyle Lo and Lucy Lu Wang and Shanchuan Lin and Madeleine van Zuylen and Arman Cohan and Hannaneh Hajishirzi},
  journal={ArXiv},
  year={2020},
  volume={abs/2004.14974}
}

@article{Qiu2019BlockwiseSF,
  title={Blockwise Self-Attention for Long Document Understanding},
  author={Jiezhong Qiu and Hao Ma and Omer Levy and Scott Yih and Sinong Wang and Jie Tang},
  journal={ArXiv},
  year={2019},
  volume={abs/1911.02972}
}

@article{Zhang2021MultiScaleVL,
  title={Multi-Scale Vision Longformer: A New Vision Transformer for High-Resolution Image Encoding},
  author={Pengchuan Zhang and Xiyang Dai and Jianwei Yang and Bin Xiao and Lu Yuan and Lei Zhang and Jianfeng Gao},
  journal={2021 IEEE/CVF International Conference on Computer Vision (ICCV)},
  year={2021},
  pages={2978-2988}
}

@article{Zhou2020InformerBE,
  title={Informer: Beyond Efficient Transformer for Long Sequence Time-Series Forecasting},
  author={Haoyi Zhou and Shanghang Zhang and Jieqi Peng and Shuai Zhang and Jianxin Li and Hui Xiong and Wan Zhang},
  journal={ArXiv},
  year={2020},
  volume={abs/2012.07436}
}

@inproceedings{Grail2021GlobalizingBT,
  title={Globalizing BERT-based Transformer Architectures for Long Document Summarization},
  author={Quentin Grail},
  booktitle={Conference of the European Chapter of the Association for Computational Linguistics},
  year={2021}
}

@article{Rohde2021HierarchicalLF,
  title={Hierarchical Learning for Generation with Long Source Sequences},
  author={Tobias Rohde and Xiaoxia Wu and Yinhan Liu},
  journal={ArXiv},
  year={2021},
  volume={abs/2104.07545}
}

@article{Gidiotis2020ADA,
  title={A Divide-and-Conquer Approach to the Summarization of Long Documents},
  author={Alexios Gidiotis and Grigorios Tsoumakas},
  journal={IEEE/ACM Transactions on Audio, Speech, and Language Processing},
  year={2020},
  volume={28},
  pages={3029-3040}
}

@inproceedings{Huang2021EfficientAF,
  title={Efficient Attentions for Long Document Summarization},
  author={Luyang Huang and Shuyang Cao and Nikolaus Nova Parulian and Heng Ji and Lu Wang},
  booktitle={North American Chapter of the Association for Computational Linguistics},
  year={2021}
}

@inproceedings{Fang2019HierarchicalGN,
  title={Hierarchical Graph Network for Multi-hop Question Answering},
  author={Yuwei Fang and S. Sun and Zhe Gan and Rohit Radhakrishna Pillai and Shuohang Wang and Jingjing Liu},
  booktitle={Conference on Empirical Methods in Natural Language Processing},
  year={2019}
}

@article{Xu2021LongST,
  title={Long Short-Term Transformer for Online Action Detection},
  author={Mingze Xu and Yuanjun Xiong and Hao Chen and Xinyu Li and Wei Xia and Zhuowen Tu and Stefan 0 Soatto},
  journal={ArXiv},
  year={2021},
  volume={abs/2107.03377}
}

@inproceedings{Zhong2021DialogLMPM,
  title={DialogLM: Pre-trained Model for Long Dialogue Understanding and Summarization},
  author={Ming Zhong and Yang Liu and Yichong Xu and Chenguang Zhu and Michael Zeng},
  booktitle={AAAI Conference on Artificial Intelligence},
  year={2021}
}

@inproceedings{Yang2021FocalAF,
  title={Focal Attention for Long-Range Interactions in Vision Transformers},
  author={Jianwei Yang and Chunyuan Li and Pengchuan Zhang and Xiyang Dai and Bin Xiao and Lu Yuan and Jianfeng Gao},
  booktitle={Neural Information Processing Systems},
  year={2021}
}

@inproceedings{Ainslie2020ETCEL,
  title={ETC: Encoding Long and Structured Inputs in Transformers},
  author={Joshua Ainslie and Santiago Onta{\~n}{\'o}n and Chris Alberti and Vaclav Cvicek and Zachary Kenneth Fisher and Philip Pham and Anirudh Ravula and Sumit K. Sanghai and Qifan Wang and Li Yang},
  booktitle={Conference on Empirical Methods in Natural Language Processing},
  year={2020}
}

@inproceedings{Zhu2021LongShortTE,
  title={Long-Short Transformer: Efficient Transformers for Language and Vision},
  author={Chen Zhu and Wei Ping and Chaowei Xiao and Mohammad Shoeybi and Tom Goldstein and Anima Anandkumar and Bryan Catanzaro},
  booktitle={Neural Information Processing Systems},
  year={2021}
}

@article{Zhang2021MultiScaleVL,
  title={Multi-Scale Vision Longformer: A New Vision Transformer for High-Resolution Image Encoding},
  author={Pengchuan Zhang and Xiyang Dai and Jianwei Yang and Bin Xiao and Lu Yuan and Lei Zhang and Jianfeng Gao},
  journal={2021 IEEE/CVF International Conference on Computer Vision (ICCV)},
  year={2021},
  pages={2978-2988}
}

@article{Kingma2014AdamAM,
  title={Adam: A Method for Stochastic Optimization},
  author={Diederik P. Kingma and Jimmy Ba},
  journal={CoRR},
  year={2014},
  volume={abs/1412.6980}
}